<record><leader>00000cas a22000007a 4500</leader><controlfield tag="001">11251759</controlfield><controlfield tag="008">841011c19849999wiuwr ne      0   a0eng d</controlfield><datafield ind1=" " ind2=" " tag="010"><subfield code="a">sn 87082069 </subfield></datafield><datafield ind1=" " ind2=" " tag="040"><subfield code="a">GZS</subfield><subfield code="b">eng</subfield><subfield code="c">GZS</subfield><subfield code="d">NPV</subfield><subfield code="d">OCL</subfield><subfield code="d">OCLCQ</subfield></datafield><datafield ind1=" " ind2=" " tag="042"><subfield code="a">msc</subfield></datafield><datafield ind1="0" ind2="0" tag="245"><subfield code="a">Tribune press reporter.</subfield></datafield><datafield ind1=" " ind2=" " tag="260"><subfield code="a">Glenwood City, Wis. :</subfield><subfield code="b">Carlton R. DeWitt,</subfield><subfield code="c">1984-</subfield></datafield><datafield ind1=" " ind2=" " tag="300"><subfield code="a">v.</subfield></datafield><datafield ind1=" " ind2=" " tag="310"><subfield code="a">Weekly</subfield></datafield><datafield ind1="0" ind2=" " tag="362"><subfield code="a">Vol. 95, no. 52 (July 12, 1984)-</subfield></datafield><datafield ind1=" " ind2=" " tag="752"><subfield code="a">United States</subfield><subfield code="b">Wisconsin</subfield><subfield code="c">St. Croix</subfield><subfield code="d">Glenwood City.</subfield></datafield><datafield ind1="0" ind2="4" tag="780"><subfield code="t">Boyceville press-reporter</subfield><subfield code="w">(DLC)sn 85041476</subfield></datafield><datafield ind1="0" ind2="4" tag="780"><subfield code="t">Glenwood City tribune</subfield><subfield code="w">(DLC)sn 87082068</subfield></datafield></record>